<?xml version="1.0" encoding="UTF-8"?><collection xmlns="http://www.loc.gov/MARC21/slim"><record><leader>00413nam--2200145-i-4500</leader><controlfield tag="001">000009486</controlfield><controlfield tag="002">20161230</controlfield><controlfield tag="005">20170114231432</controlfield><controlfield tag="008">060222s1000------------r-----000-0-eng-d</controlfield><datafield ind1=" " ind2=" " tag="245"><subfield code="a">Abhandlungen aus zahlentheorie und analysis zur erinnerung an Edmund Landau (1877-1939)</subfield></datafield><datafield ind1=" " ind2=" " tag="260"><subfield code="a">New York</subfield><subfield code="b">Plenum Press</subfield><subfield code="c">1968</subfield></datafield><datafield ind1=" " ind2=" " tag="300"><subfield code="a">355 p</subfield></datafield><datafield ind1=" " ind2=" " tag="700"><subfield code="a">Turan, Paul</subfield></datafield><datafield ind1=" " ind2=" " tag="852"><subfield code="a">34036</subfield><subfield code="c">517</subfield></datafield><datafield ind1=" " ind2=" " tag="CAT"><subfield code="a">SYS</subfield><subfield code="c">20170114</subfield><subfield code="h">231432</subfield></datafield></record></collection>